@article{citation1,
  title={Solvent accessible surface area and excluded volume in proteins: Analytical equations for overlapping spheres and implications for the hydrophobic effect},
  author={Richmond, Timothy J},
  journal={Journal of molecular biology},
  volume={178},
  number={1},
  pages={63--89},
  year={1984},
  publisher={Elsevier}
}
@article{citation2,
  title={A bacterium that degrades and assimilates poly (ethylene terephthalate)},
  author={Yoshida, Shosuke and Hiraga, Kazumi and Takehana, Toshihiko and Taniguchi, Ikuo and Yamaji, Hironao and Maeda, Yasuhito and Toyohara, Kiyotsuna and Miyamoto, Kenji and Kimura, Yoshiharu and Oda, Kohei},
  journal={Science},
  volume={351},
  number={6278},
  pages={1196--1199},
  year={2016},
  publisher={American Association for the Advancement of Science}
}
@article{citation3,
  title={Role of solvent accessible surface area in the conformational equilibrium of n-butane in liquids},
  author={Riccio, Angelo and Graziano, Giuseppe},
  journal={Chemical Physics Letters},
  volume={502},
  number={4-6},
  pages={180--183},
  year={2011},
  publisher={Elsevier}
}